% Encoding: UTF-8


@WWW{mqttProtocol2016,
  author       = {Thomas Bayer},
  title        = {MQTT, Das M2M und IoT Protokoll},
  year         = {2016},
  date         = {2016-03-04},
  url          = {https://www.predic8.de/mqtt.htm},
  language     = {Deutsch},
  organization = {predic8 GmbH},
  pubstate     = {Online},
  timestamp    = {2018-01-07},
}

@Book{Chacon2014,
  author    = {Chacon, Scott and Straub, Ben},
  title     = {Pro Git},
  year      = {2014},
  date      = {2014-12-24},
  publisher = {APRESS L.P.},
  isbn      = {1484200772},
  pagetotal = {XXV426},
  pubstate  = {EBook},
  url       = {http://www.ebook.de/de/product/22595059/scott_chacon_ben_straub_pro_git.html},
  ean       = {9781484200773},
  timestamp = {2016-04-26},
}

@Comment{jabref-meta: databaseType:biblatex;}
